
@online{openai2024kubernetes,
  title = {Scaling Kubernetes to 7,500 nodes},
  author = {OpenAI},
  year = {2024},
  url = {https://openai.com/index/scaling-kubernetes-to-7500-nodes/},
  urldate = {2025-09-30}
}

@online{mckinsey2024compute,
  title = {The cost of compute: A \$7 trillion race to scale data centers},
  author = {McKinsey \& Company},
  year = {2024},
  url = {https://www.mckinsey.com/industries/technology-media-and-telecommunications/our-insights/the-cost-of-compute-a-7-trillion-dollar-race-to-scale-data-centers},
  urldate = {2025-09-30}
}

@online{frye2024gpu,
  title = {GPU Glossary},
  author = {Charles Frye},
  publisher = {Modal},
  year = {2024},
  url = {https://modal.com/gpu-glossary},
  urldate = {2025-09-30}
}

@online{kubernetes2024docs,
  title = {Kubernetes Documentation},
  author = {The Kubernetes Authors},
  year = {2024},
  url = {https://kubernetes.io/docs/},
  urldate = {2025-09-30}
}

@online{docker2024docs,
  title = {Docker Documentation},
  author = {Docker Inc.},
  year = {2024},
  url = {https://docs.docker.com/},
  urldate = {2025-09-30}
}
